<?xml version="1.0" encoding="UTF-8"?><collection xmlns="http://www.loc.gov/MARC21/slim"><record><leader>00419nam--2200133-i-4500</leader><controlfield tag="001">000014524</controlfield><controlfield tag="002">20161230</controlfield><controlfield tag="005">20161230201030</controlfield><controlfield tag="008">060222s1000------------r-----000-0-eng-d</controlfield><datafield ind1=" " ind2=" " tag="080"><subfield code="a">541:530.145.6</subfield></datafield><datafield ind1=" " ind2=" " tag="245"><subfield code="a">Quantum theory of chemical reactions. iii.chemisorption, catalysis, biochemical reac tions</subfield></datafield><datafield ind1=" " ind2=" " tag="260"><subfield code="a">Dordrecht, D.Reodel Publishing Company, 1982. Vii + 178 P</subfield></datafield><datafield ind1=" " ind2=" " tag="700"><subfield code="a">Daudel, Raymond/S.A.</subfield></datafield><datafield ind1=" " ind2=" " tag="852"><subfield code="a">49217</subfield></datafield></record></collection>